<?xml version="1.0" encoding="UTF-8"?>
<collection xmlns:xsi="http://www.w3.org/2001/XMLSchema-instance" xsi:schemaLocation="http://www.loc.gov/MARC21/slim http://www.loc.gov/standards/marcxml/schema/MARC21slim.xsd" xmlns="http://www.loc.gov/MARC21/slim">
<record>
  <leader>00870mam a2200253 a 4500</leader>
  <controlfield tag="001">2346637</controlfield>
  <controlfield tag="003">NNC</controlfield>
  <controlfield tag="005">20121018032056.0</controlfield>
  <controlfield tag="008">960327s1962    iq            000 0 ara  </controlfield>
  <datafield tag="010" ind1=" " ind2=" ">
    <subfield code="a">   78278114 </subfield>
  </datafield>
  <datafield tag="035" ind1=" " ind2=" ">
    <subfield code="a">(OCoLC)42690460</subfield>
  </datafield>
  <datafield tag="035" ind1=" " ind2=" ">
    <subfield code="a">(OCoLC)ocm42690460</subfield>
  </datafield>
  <datafield tag="035" ind1=" " ind2=" ">
    <subfield code="9">APM3881CU</subfield>
  </datafield>
  <datafield tag="035" ind1=" " ind2=" ">
    <subfield code="a">(NNC)2346637</subfield>
  </datafield>
  <datafield tag="040" ind1=" " ind2=" ">
    <subfield code="a">DLC</subfield>
    <subfield code="c">DLC</subfield>
    <subfield code="d">MH</subfield>
    <subfield code="d">CStRLIN</subfield>
  </datafield>
  <datafield tag="100" ind1="1" ind2=" ">
    <subfield code="a">Rāwī, Nūrī.</subfield>
  </datafield>
  <datafield tag="245" ind1="1" ind2="0">
    <subfield code="a">Taʾammulāt fī al-fann al-ʻIrāqī al-ḥadīth /</subfield>
    <subfield code="c">taʾlīf Nūrī al-Rāwī.</subfield>
  </datafield>
  <datafield tag="260" ind1=" " ind2=" ">
    <subfield code="a">Baghdād :</subfield>
    <subfield code="b">Mudīrīyat al-Funūn wa-al-Thaqāfah al-Shaʻbīyah bi-Wizārat al-Irshād,</subfield>
    <subfield code="c">1962.</subfield>
  </datafield>
  <datafield tag="300" ind1=" " ind2=" ">
    <subfield code="a">61 p. (chiefly ill., ports) ;</subfield>
    <subfield code="c">28 cm.</subfield>
  </datafield>
  <datafield tag="490" ind1="1" ind2=" ">
    <subfield code="a">Silsilat al-thaqāfah al-shaʻbīyah ;</subfield>
    <subfield code="v">48</subfield>
  </datafield>
  <datafield tag="650" ind1=" " ind2="0">
    <subfield code="a">Art, Iraqi.</subfield>
  </datafield>
  <datafield tag="650" ind1=" " ind2="0">
    <subfield code="a">Art, Iraqi</subfield>
    <subfield code="y">20th century.</subfield>
  </datafield>
  <datafield tag="830" ind1=" " ind2="0">
    <subfield code="a">Silsilat al-Thaqāfah al-shaʻbīyah ;</subfield>
    <subfield code="v">48.</subfield>
  </datafield>
  <datafield tag="955" ind1=" " ind2=" ">
    <subfield code="b">AR52577350</subfield>
    <subfield code="d">off,fax</subfield>
    <subfield code="e">N7290 Ir1 R19</subfield>
  </datafield>
</record>
</collection>